@article{bryant2007recognizing,
  title={Recognizing intentions in infant-directed speech: Evidence for universals},
  author={Bryant, Gregory A and Barrett, H Clark},
  journal={Psychological Science},
  volume={18},
  number={8},
  pages={746--751},
  year={2007},
  publisher={SAGE Publications Sage CA: Los Angeles, CA}
}